%YAML 1.1
%TAG !u! tag:unity3d.com,2011:
--- !u!1 &9030747273391505183
GameObject:
  m_ObjectHideFlags: 0
  m_CorrespondingSourceObject: {fileID: 0}
  m_PrefabInstance: {fileID: 0}
  m_PrefabAsset: {fileID: 0}
  serializedVersion: 6
  m_Component:
  - component: {fileID: 9030747273391505181}
  - component: {fileID: 9030747273391505171}
  - component: {fileID: 9030747273391505170}
  - component: {fileID: 9030747273391505180}
  - component: {fileID: 9030747273391505168}
  - component: {fileID: 9030747273391505169}
  m_Layer: 0
  m_Name: character
  m_TagString: Untagged
  m_Icon: {fileID: 0}
  m_NavMeshLayer: 0
  m_StaticEditorFlags: 0
  m_IsActive: 1
--- !u!4 &9030747273391505181
Transform:
  m_ObjectHideFlags: 0
  m_CorrespondingSourceObject: {fileID: 0}
  m_PrefabInstance: {fileID: 0}
  m_PrefabAsset: {fileID: 0}
  m_GameObject: {fileID: 9030747273391505183}
  m_LocalRotation: {x: -0, y: -0, z: -0, w: 1}
  m_LocalPosition: {x: 0, y: 0, z: 0}
  m_LocalScale: {x: 0.4, y: 0.3, z: 1}
  m_Children: []
  m_Father: {fileID: 0}
  m_RootOrder: 0
  m_LocalEulerAnglesHint: {x: 0, y: 0, z: 0}
--- !u!212 &9030747273391505171
SpriteRenderer:
  m_ObjectHideFlags: 0
  m_CorrespondingSourceObject: {fileID: 0}
  m_PrefabInstance: {fileID: 0}
  m_PrefabAsset: {fileID: 0}
  m_GameObject: {fileID: 9030747273391505183}
  m_Enabled: 1
  m_CastShadows: 0
  m_ReceiveShadows: 0
  m_DynamicOccludee: 1
  m_MotionVectors: 1
  m_LightProbeUsage: 1
  m_ReflectionProbeUsage: 1
  m_RenderingLayerMask: 1
  m_RendererPriority: 0
  m_Materials:
  - {fileID: 10754, guid: 0000000000000000f000000000000000, type: 0}
  m_StaticBatchInfo:
    firstSubMesh: 0
    subMeshCount: 0
  m_StaticBatchRoot: {fileID: 0}
  m_ProbeAnchor: {fileID: 0}
  m_LightProbeVolumeOverride: {fileID: 0}
  m_ScaleInLightmap: 1
  m_ReceiveGI: 1
  m_PreserveUVs: 0
  m_IgnoreNormalsForChartDetection: 0
  m_ImportantGI: 0
  m_StitchLightmapSeams: 1
  m_SelectedEditorRenderState: 0
  m_MinimumChartSize: 4
  m_AutoUVMaxDistance: 0.5
  m_AutoUVMaxAngle: 89
  m_LightmapParameters: {fileID: 0}
  m_SortingLayerID: 0
  m_SortingLayer: 0
  m_SortingOrder: 0
  m_Sprite: {fileID: 21300000, guid: 924926024e69fe54ea20a82253d1d568, type: 3}
  m_Color: {r: 1, g: 1, b: 1, a: 1}
  m_FlipX: 0
  m_FlipY: 0
  m_DrawMode: 0
  m_Size: {x: 2.27, y: 2.55}
  m_AdaptiveModeThreshold: 0.5
  m_SpriteTileMode: 0
  m_WasSpriteAssigned: 1
  m_MaskInteraction: 0
  m_SpriteSortPoint: 0
--- !u!50 &9030747273391505170
Rigidbody2D:
  serializedVersion: 4
  m_ObjectHideFlags: 0
  m_CorrespondingSourceObject: {fileID: 0}
  m_PrefabInstance: {fileID: 0}
  m_PrefabAsset: {fileID: 0}
  m_GameObject: {fileID: 9030747273391505183}
  m_BodyType: 1
  m_Simulated: 1
  m_UseFullKinematicContacts: 0
  m_UseAutoMass: 0
  m_Mass: 1
  m_LinearDrag: 0
  m_AngularDrag: 0.05
  m_GravityScale: 0
  m_Material: {fileID: 0}
  m_Interpolate: 0
  m_SleepingMode: 1
  m_CollisionDetection: 0
  m_Constraints: 0
--- !u!114 &9030747273391505180
MonoBehaviour:
  m_ObjectHideFlags: 0
  m_CorrespondingSourceObject: {fileID: 0}
  m_PrefabInstance: {fileID: 0}
  m_PrefabAsset: {fileID: 0}
  m_GameObject: {fileID: 9030747273391505183}
  m_Enabled: 1
  m_EditorHideFlags: 0
  m_Script: {fileID: 11500000, guid: 864020eb1f7eebc4693cfa6c9e0af513, type: 3}
  m_Name: 
  m_EditorClassIdentifier: 
--- !u!60 &9030747273391505168
PolygonCollider2D:
  m_ObjectHideFlags: 0
  m_CorrespondingSourceObject: {fileID: 0}
  m_PrefabInstance: {fileID: 0}
  m_PrefabAsset: {fileID: 0}
  m_GameObject: {fileID: 9030747273391505183}
  m_Enabled: 0
  m_Density: 1
  m_Material: {fileID: 0}
  m_IsTrigger: 1
  m_UsedByEffector: 0
  m_UsedByComposite: 0
  m_Offset: {x: 0, y: 0}
  m_SpriteTilingProperty:
    border: {x: 0, y: 0, z: 0, w: 0}
    pivot: {x: 0.5, y: 0.5}
    oldSize: {x: 2.27, y: 2.55}
    newSize: {x: 2.27, y: 2.55}
    adaptiveTilingThreshold: 0.5
    drawMode: 0
    adaptiveTiling: 0
  m_AutoTiling: 0
  m_Points:
    m_Paths:
    - - {x: 0.905, y: -1.055}
      - {x: 1.035, y: -0.905}
      - {x: 1.0849999, y: -0.73499995}
      - {x: 1.125, y: -0.59499997}
      - {x: 1.125, y: -0.265}
      - {x: 1.095, y: -0.095}
      - {x: 1.015, y: 0.155}
      - {x: 0.935, y: 0.315}
      - {x: 0.815, y: 0.45499998}
      - {x: 0.73499995, y: 0.525}
      - {x: 0.645, y: 0.59499997}
      - {x: 0.385, y: 0.72499996}
      - {x: 0.295, y: 0.73499995}
      - {x: 0.16499999, y: 0.765}
      - {x: 0.235, y: 0.815}
      - {x: 0.255, y: 0.935}
      - {x: 0.125, y: 1.035}
      - {x: 0.145, y: 1.125}
      - {x: 0.085, y: 1.235}
      - {x: -0.105, y: 1.235}
      - {x: -0.155, y: 1.165}
      - {x: -0.125, y: 1.045}
      - {x: -0.24499999, y: 0.955}
      - {x: -0.225, y: 0.815}
      - {x: -0.16499999, y: 0.745}
      - {x: -0.305, y: 0.73499995}
      - {x: -0.555, y: 0.635}
      - {x: -0.675, y: 0.555}
      - {x: -0.885, y: 0.355}
      - {x: -0.97499996, y: 0.205}
      - {x: -1.0649999, y: 0.024999999}
      - {x: -1.095, y: -0.114999995}
      - {x: -1.125, y: -0.225}
      - {x: -1.125, y: -0.565}
      - {x: -1.0649999, y: -0.79499996}
      - {x: -0.98499995, y: -0.935}
      - {x: -0.875, y: -1.055}
      - {x: -0.705, y: -1.145}
      - {x: -0.505, y: -1.225}
      - {x: -0.285, y: -1.265}
      - {x: -0.125, y: -1.275}
      - {x: 0.055, y: -1.275}
      - {x: 0.265, y: -1.265}
      - {x: 0.475, y: -1.235}
      - {x: 0.59499997, y: -1.2049999}
      - {x: 0.755, y: -1.155}
--- !u!95 &9030747273391505169
Animator:
  serializedVersion: 3
  m_ObjectHideFlags: 0
  m_CorrespondingSourceObject: {fileID: 0}
  m_PrefabInstance: {fileID: 0}
  m_PrefabAsset: {fileID: 0}
  m_GameObject: {fileID: 9030747273391505183}
  m_Enabled: 1
  m_Avatar: {fileID: 0}
  m_Controller: {fileID: 9100000, guid: 2c912766f9bb2ec438449e8bd910dde8, type: 2}
  m_CullingMode: 0
  m_UpdateMode: 0
  m_ApplyRootMotion: 0
  m_LinearVelocityBlending: 0
  m_WarningMessage: 
  m_HasTransformHierarchy: 1
  m_AllowConstantClipSamplingOptimization: 1
  m_KeepAnimatorControllerStateOnDisable: 0
