%YAML 1.1
%TAG !u! tag:unity3d.com,2011:
--- !u!1 &278885383134990897
GameObject:
  m_ObjectHideFlags: 0
  m_CorrespondingSourceObject: {fileID: 0}
  m_PrefabInstance: {fileID: 0}
  m_PrefabAsset: {fileID: 0}
  serializedVersion: 6
  m_Component:
  - component: {fileID: 7499807083803773784}
  - component: {fileID: 8059284071869500729}
  m_Layer: 8
  m_Name: GameObject
  m_TagString: Untagged
  m_Icon: {fileID: 1206586993520771344, guid: 0000000000000000d000000000000000, type: 0}
  m_NavMeshLayer: 0
  m_StaticEditorFlags: 0
  m_IsActive: 1
--- !u!4 &7499807083803773784
Transform:
  m_ObjectHideFlags: 0
  m_CorrespondingSourceObject: {fileID: 0}
  m_PrefabInstance: {fileID: 0}
  m_PrefabAsset: {fileID: 0}
  m_GameObject: {fileID: 278885383134990897}
  m_LocalRotation: {x: 0, y: 0, z: 0, w: 1}
  m_LocalPosition: {x: 0, y: 0, z: 0}
  m_LocalScale: {x: 1, y: 1, z: 1}
  m_Children: []
  m_Father: {fileID: 8050387912065881947}
  m_RootOrder: 0
  m_LocalEulerAnglesHint: {x: 0, y: 0, z: 0}
--- !u!114 &8059284071869500729
MonoBehaviour:
  m_ObjectHideFlags: 0
  m_CorrespondingSourceObject: {fileID: 0}
  m_PrefabInstance: {fileID: 0}
  m_PrefabAsset: {fileID: 0}
  m_GameObject: {fileID: 278885383134990897}
  m_Enabled: 1
  m_EditorHideFlags: 0
  m_Script: {fileID: 11500000, guid: 28d8fa5606d0f1547a36d4daf1dc56e3, type: 3}
  m_Name: 
  m_EditorClassIdentifier: 
  objects:
  - {fileID: 8850074869504423888, guid: 5e646b0ab9cd45e46bec228af00e622f, type: 3}
  - {fileID: 4376594524893310522, guid: 22d9ba8876259fd439004f1249c6a7cc, type: 3}
  - {fileID: 3169685328921602755, guid: a74b2eaaa963c1c4abf2fa6a91fb6fea, type: 3}
  - {fileID: 3946851056627708090, guid: ee6477d21eb87a14dbc1db8121523424, type: 3}
--- !u!1 &1348280796603922703
GameObject:
  m_ObjectHideFlags: 0
  m_CorrespondingSourceObject: {fileID: 0}
  m_PrefabInstance: {fileID: 0}
  m_PrefabAsset: {fileID: 0}
  serializedVersion: 6
  m_Component:
  - component: {fileID: 8155162232287128821}
  - component: {fileID: 559248491579363004}
  m_Layer: 8
  m_Name: GameObject (17)
  m_TagString: Untagged
  m_Icon: {fileID: 1206586993520771344, guid: 0000000000000000d000000000000000, type: 0}
  m_NavMeshLayer: 0
  m_StaticEditorFlags: 0
  m_IsActive: 1
--- !u!4 &8155162232287128821
Transform:
  m_ObjectHideFlags: 0
  m_CorrespondingSourceObject: {fileID: 0}
  m_PrefabInstance: {fileID: 0}
  m_PrefabAsset: {fileID: 0}
  m_GameObject: {fileID: 1348280796603922703}
  m_LocalRotation: {x: 0, y: 0, z: 0, w: 1}
  m_LocalPosition: {x: -10.24, y: -2.42, z: 0}
  m_LocalScale: {x: 1, y: 1, z: 1}
  m_Children: []
  m_Father: {fileID: 8050387912065881947}
  m_RootOrder: 17
  m_LocalEulerAnglesHint: {x: 0, y: 0, z: 0}
--- !u!114 &559248491579363004
MonoBehaviour:
  m_ObjectHideFlags: 0
  m_CorrespondingSourceObject: {fileID: 0}
  m_PrefabInstance: {fileID: 0}
  m_PrefabAsset: {fileID: 0}
  m_GameObject: {fileID: 1348280796603922703}
  m_Enabled: 1
  m_EditorHideFlags: 0
  m_Script: {fileID: 11500000, guid: 28d8fa5606d0f1547a36d4daf1dc56e3, type: 3}
  m_Name: 
  m_EditorClassIdentifier: 
  objects:
  - {fileID: 8850074869504423888, guid: 5e646b0ab9cd45e46bec228af00e622f, type: 3}
  - {fileID: 4376594524893310522, guid: 22d9ba8876259fd439004f1249c6a7cc, type: 3}
  - {fileID: 3169685328921602755, guid: a74b2eaaa963c1c4abf2fa6a91fb6fea, type: 3}
  - {fileID: 3946851056627708090, guid: ee6477d21eb87a14dbc1db8121523424, type: 3}
--- !u!1 &1760840387780867148
GameObject:
  m_ObjectHideFlags: 0
  m_CorrespondingSourceObject: {fileID: 0}
  m_PrefabInstance: {fileID: 0}
  m_PrefabAsset: {fileID: 0}
  serializedVersion: 6
  m_Component:
  - component: {fileID: 7916306831519448647}
  - component: {fileID: 1668395312512743054}
  m_Layer: 8
  m_Name: GameObject (3)
  m_TagString: Untagged
  m_Icon: {fileID: 1206586993520771344, guid: 0000000000000000d000000000000000, type: 0}
  m_NavMeshLayer: 0
  m_StaticEditorFlags: 0
  m_IsActive: 1
--- !u!4 &7916306831519448647
Transform:
  m_ObjectHideFlags: 0
  m_CorrespondingSourceObject: {fileID: 0}
  m_PrefabInstance: {fileID: 0}
  m_PrefabAsset: {fileID: 0}
  m_GameObject: {fileID: 1760840387780867148}
  m_LocalRotation: {x: 0, y: 0, z: 0, w: 1}
  m_LocalPosition: {x: -2.81, y: 2.03, z: 0}
  m_LocalScale: {x: 1, y: 1, z: 1}
  m_Children: []
  m_Father: {fileID: 8050387912065881947}
  m_RootOrder: 3
  m_LocalEulerAnglesHint: {x: 0, y: 0, z: 0}
--- !u!114 &1668395312512743054
MonoBehaviour:
  m_ObjectHideFlags: 0
  m_CorrespondingSourceObject: {fileID: 0}
  m_PrefabInstance: {fileID: 0}
  m_PrefabAsset: {fileID: 0}
  m_GameObject: {fileID: 1760840387780867148}
  m_Enabled: 1
  m_EditorHideFlags: 0
  m_Script: {fileID: 11500000, guid: 28d8fa5606d0f1547a36d4daf1dc56e3, type: 3}
  m_Name: 
  m_EditorClassIdentifier: 
  objects:
  - {fileID: 8850074869504423888, guid: 5e646b0ab9cd45e46bec228af00e622f, type: 3}
  - {fileID: 4376594524893310522, guid: 22d9ba8876259fd439004f1249c6a7cc, type: 3}
  - {fileID: 3169685328921602755, guid: a74b2eaaa963c1c4abf2fa6a91fb6fea, type: 3}
  - {fileID: 3946851056627708090, guid: ee6477d21eb87a14dbc1db8121523424, type: 3}
--- !u!1 &1923406316417374239
GameObject:
  m_ObjectHideFlags: 0
  m_CorrespondingSourceObject: {fileID: 0}
  m_PrefabInstance: {fileID: 0}
  m_PrefabAsset: {fileID: 0}
  serializedVersion: 6
  m_Component:
  - component: {fileID: 403257106405157564}
  - component: {fileID: 3796867038655485149}
  m_Layer: 8
  m_Name: GameObject (1)
  m_TagString: Untagged
  m_Icon: {fileID: 1206586993520771344, guid: 0000000000000000d000000000000000, type: 0}
  m_NavMeshLayer: 0
  m_StaticEditorFlags: 0
  m_IsActive: 1
--- !u!4 &403257106405157564
Transform:
  m_ObjectHideFlags: 0
  m_CorrespondingSourceObject: {fileID: 0}
  m_PrefabInstance: {fileID: 0}
  m_PrefabAsset: {fileID: 0}
  m_GameObject: {fileID: 1923406316417374239}
  m_LocalRotation: {x: 0, y: 0, z: 0, w: 1}
  m_LocalPosition: {x: -6.09, y: 0, z: 0}
  m_LocalScale: {x: 1, y: 1, z: 1}
  m_Children: []
  m_Father: {fileID: 8050387912065881947}
  m_RootOrder: 1
  m_LocalEulerAnglesHint: {x: 0, y: 0, z: 0}
--- !u!114 &3796867038655485149
MonoBehaviour:
  m_ObjectHideFlags: 0
  m_CorrespondingSourceObject: {fileID: 0}
  m_PrefabInstance: {fileID: 0}
  m_PrefabAsset: {fileID: 0}
  m_GameObject: {fileID: 1923406316417374239}
  m_Enabled: 1
  m_EditorHideFlags: 0
  m_Script: {fileID: 11500000, guid: 28d8fa5606d0f1547a36d4daf1dc56e3, type: 3}
  m_Name: 
  m_EditorClassIdentifier: 
  objects:
  - {fileID: 8850074869504423888, guid: 5e646b0ab9cd45e46bec228af00e622f, type: 3}
  - {fileID: 4376594524893310522, guid: 22d9ba8876259fd439004f1249c6a7cc, type: 3}
  - {fileID: 3169685328921602755, guid: a74b2eaaa963c1c4abf2fa6a91fb6fea, type: 3}
  - {fileID: 3946851056627708090, guid: ee6477d21eb87a14dbc1db8121523424, type: 3}
--- !u!1 &1954010165993838823
GameObject:
  m_ObjectHideFlags: 0
  m_CorrespondingSourceObject: {fileID: 0}
  m_PrefabInstance: {fileID: 0}
  m_PrefabAsset: {fileID: 0}
  serializedVersion: 6
  m_Component:
  - component: {fileID: 5853384766429413264}
  - component: {fileID: 5985090714738601325}
  m_Layer: 8
  m_Name: GameObject (5)
  m_TagString: Untagged
  m_Icon: {fileID: 1206586993520771344, guid: 0000000000000000d000000000000000, type: 0}
  m_NavMeshLayer: 0
  m_StaticEditorFlags: 0
  m_IsActive: 1
--- !u!4 &5853384766429413264
Transform:
  m_ObjectHideFlags: 0
  m_CorrespondingSourceObject: {fileID: 0}
  m_PrefabInstance: {fileID: 0}
  m_PrefabAsset: {fileID: 0}
  m_GameObject: {fileID: 1954010165993838823}
  m_LocalRotation: {x: 0, y: 0, z: 0, w: 1}
  m_LocalPosition: {x: 3.54, y: 2.9, z: 0}
  m_LocalScale: {x: 1, y: 1, z: 1}
  m_Children: []
  m_Father: {fileID: 8050387912065881947}
  m_RootOrder: 5
  m_LocalEulerAnglesHint: {x: 0, y: 0, z: 0}
--- !u!114 &5985090714738601325
MonoBehaviour:
  m_ObjectHideFlags: 0
  m_CorrespondingSourceObject: {fileID: 0}
  m_PrefabInstance: {fileID: 0}
  m_PrefabAsset: {fileID: 0}
  m_GameObject: {fileID: 1954010165993838823}
  m_Enabled: 1
  m_EditorHideFlags: 0
  m_Script: {fileID: 11500000, guid: 28d8fa5606d0f1547a36d4daf1dc56e3, type: 3}
  m_Name: 
  m_EditorClassIdentifier: 
  objects:
  - {fileID: 8850074869504423888, guid: 5e646b0ab9cd45e46bec228af00e622f, type: 3}
  - {fileID: 4376594524893310522, guid: 22d9ba8876259fd439004f1249c6a7cc, type: 3}
  - {fileID: 3169685328921602755, guid: a74b2eaaa963c1c4abf2fa6a91fb6fea, type: 3}
  - {fileID: 3946851056627708090, guid: ee6477d21eb87a14dbc1db8121523424, type: 3}
--- !u!1 &3892882923121747965
GameObject:
  m_ObjectHideFlags: 0
  m_CorrespondingSourceObject: {fileID: 0}
  m_PrefabInstance: {fileID: 0}
  m_PrefabAsset: {fileID: 0}
  serializedVersion: 6
  m_Component:
  - component: {fileID: 3720072107535930246}
  - component: {fileID: 4063826994334310688}
  m_Layer: 8
  m_Name: GameObject (11)
  m_TagString: Untagged
  m_Icon: {fileID: 1206586993520771344, guid: 0000000000000000d000000000000000, type: 0}
  m_NavMeshLayer: 0
  m_StaticEditorFlags: 0
  m_IsActive: 1
--- !u!4 &3720072107535930246
Transform:
  m_ObjectHideFlags: 0
  m_CorrespondingSourceObject: {fileID: 0}
  m_PrefabInstance: {fileID: 0}
  m_PrefabAsset: {fileID: 0}
  m_GameObject: {fileID: 3892882923121747965}
  m_LocalRotation: {x: 0, y: 0, z: 0, w: 1}
  m_LocalPosition: {x: 0, y: -5.75, z: 0}
  m_LocalScale: {x: 1, y: 1, z: 1}
  m_Children: []
  m_Father: {fileID: 8050387912065881947}
  m_RootOrder: 11
  m_LocalEulerAnglesHint: {x: 0, y: 0, z: 0}
--- !u!114 &4063826994334310688
MonoBehaviour:
  m_ObjectHideFlags: 0
  m_CorrespondingSourceObject: {fileID: 0}
  m_PrefabInstance: {fileID: 0}
  m_PrefabAsset: {fileID: 0}
  m_GameObject: {fileID: 3892882923121747965}
  m_Enabled: 1
  m_EditorHideFlags: 0
  m_Script: {fileID: 11500000, guid: 28d8fa5606d0f1547a36d4daf1dc56e3, type: 3}
  m_Name: 
  m_EditorClassIdentifier: 
  objects:
  - {fileID: 8850074869504423888, guid: 5e646b0ab9cd45e46bec228af00e622f, type: 3}
  - {fileID: 4376594524893310522, guid: 22d9ba8876259fd439004f1249c6a7cc, type: 3}
  - {fileID: 3169685328921602755, guid: a74b2eaaa963c1c4abf2fa6a91fb6fea, type: 3}
  - {fileID: 3946851056627708090, guid: ee6477d21eb87a14dbc1db8121523424, type: 3}
--- !u!1 &4200990695312921950
GameObject:
  m_ObjectHideFlags: 0
  m_CorrespondingSourceObject: {fileID: 0}
  m_PrefabInstance: {fileID: 0}
  m_PrefabAsset: {fileID: 0}
  serializedVersion: 6
  m_Component:
  - component: {fileID: 2596879553762425944}
  - component: {fileID: 2538952131454806366}
  m_Layer: 8
  m_Name: GameObject (16)
  m_TagString: Untagged
  m_Icon: {fileID: 1206586993520771344, guid: 0000000000000000d000000000000000, type: 0}
  m_NavMeshLayer: 0
  m_StaticEditorFlags: 0
  m_IsActive: 1
--- !u!4 &2596879553762425944
Transform:
  m_ObjectHideFlags: 0
  m_CorrespondingSourceObject: {fileID: 0}
  m_PrefabInstance: {fileID: 0}
  m_PrefabAsset: {fileID: 0}
  m_GameObject: {fileID: 4200990695312921950}
  m_LocalRotation: {x: 0, y: 0, z: 0, w: 1}
  m_LocalPosition: {x: 2.98, y: -4.19, z: 0}
  m_LocalScale: {x: 1, y: 1, z: 1}
  m_Children: []
  m_Father: {fileID: 8050387912065881947}
  m_RootOrder: 16
  m_LocalEulerAnglesHint: {x: 0, y: 0, z: 0}
--- !u!114 &2538952131454806366
MonoBehaviour:
  m_ObjectHideFlags: 0
  m_CorrespondingSourceObject: {fileID: 0}
  m_PrefabInstance: {fileID: 0}
  m_PrefabAsset: {fileID: 0}
  m_GameObject: {fileID: 4200990695312921950}
  m_Enabled: 1
  m_EditorHideFlags: 0
  m_Script: {fileID: 11500000, guid: 28d8fa5606d0f1547a36d4daf1dc56e3, type: 3}
  m_Name: 
  m_EditorClassIdentifier: 
  objects:
  - {fileID: 8850074869504423888, guid: 5e646b0ab9cd45e46bec228af00e622f, type: 3}
  - {fileID: 4376594524893310522, guid: 22d9ba8876259fd439004f1249c6a7cc, type: 3}
  - {fileID: 3169685328921602755, guid: a74b2eaaa963c1c4abf2fa6a91fb6fea, type: 3}
  - {fileID: 3946851056627708090, guid: ee6477d21eb87a14dbc1db8121523424, type: 3}
--- !u!1 &4245472303015937275
GameObject:
  m_ObjectHideFlags: 0
  m_CorrespondingSourceObject: {fileID: 0}
  m_PrefabInstance: {fileID: 0}
  m_PrefabAsset: {fileID: 0}
  serializedVersion: 6
  m_Component:
  - component: {fileID: 5834718574321477279}
  - component: {fileID: 6907725938736470712}
  m_Layer: 8
  m_Name: GameObject (2)
  m_TagString: Untagged
  m_Icon: {fileID: 1206586993520771344, guid: 0000000000000000d000000000000000, type: 0}
  m_NavMeshLayer: 0
  m_StaticEditorFlags: 0
  m_IsActive: 1
--- !u!4 &5834718574321477279
Transform:
  m_ObjectHideFlags: 0
  m_CorrespondingSourceObject: {fileID: 0}
  m_PrefabInstance: {fileID: 0}
  m_PrefabAsset: {fileID: 0}
  m_GameObject: {fileID: 4245472303015937275}
  m_LocalRotation: {x: 0, y: 0, z: 0, w: 1}
  m_LocalPosition: {x: 8.56, y: 0, z: 0}
  m_LocalScale: {x: 1, y: 1, z: 1}
  m_Children: []
  m_Father: {fileID: 8050387912065881947}
  m_RootOrder: 2
  m_LocalEulerAnglesHint: {x: 0, y: 0, z: 0}
--- !u!114 &6907725938736470712
MonoBehaviour:
  m_ObjectHideFlags: 0
  m_CorrespondingSourceObject: {fileID: 0}
  m_PrefabInstance: {fileID: 0}
  m_PrefabAsset: {fileID: 0}
  m_GameObject: {fileID: 4245472303015937275}
  m_Enabled: 1
  m_EditorHideFlags: 0
  m_Script: {fileID: 11500000, guid: 28d8fa5606d0f1547a36d4daf1dc56e3, type: 3}
  m_Name: 
  m_EditorClassIdentifier: 
  objects:
  - {fileID: 8850074869504423888, guid: 5e646b0ab9cd45e46bec228af00e622f, type: 3}
  - {fileID: 4376594524893310522, guid: 22d9ba8876259fd439004f1249c6a7cc, type: 3}
  - {fileID: 3169685328921602755, guid: a74b2eaaa963c1c4abf2fa6a91fb6fea, type: 3}
  - {fileID: 3946851056627708090, guid: ee6477d21eb87a14dbc1db8121523424, type: 3}
--- !u!1 &4914872647158332228
GameObject:
  m_ObjectHideFlags: 0
  m_CorrespondingSourceObject: {fileID: 0}
  m_PrefabInstance: {fileID: 0}
  m_PrefabAsset: {fileID: 0}
  serializedVersion: 6
  m_Component:
  - component: {fileID: 245139023947138791}
  - component: {fileID: 6321254191084971866}
  m_Layer: 8
  m_Name: GameObject (10)
  m_TagString: Untagged
  m_Icon: {fileID: 1206586993520771344, guid: 0000000000000000d000000000000000, type: 0}
  m_NavMeshLayer: 0
  m_StaticEditorFlags: 0
  m_IsActive: 1
--- !u!4 &245139023947138791
Transform:
  m_ObjectHideFlags: 0
  m_CorrespondingSourceObject: {fileID: 0}
  m_PrefabInstance: {fileID: 0}
  m_PrefabAsset: {fileID: 0}
  m_GameObject: {fileID: 4914872647158332228}
  m_LocalRotation: {x: 0, y: 0, z: 0, w: 1}
  m_LocalPosition: {x: 4.41, y: 0, z: 0}
  m_LocalScale: {x: 1, y: 1, z: 1}
  m_Children: []
  m_Father: {fileID: 8050387912065881947}
  m_RootOrder: 10
  m_LocalEulerAnglesHint: {x: 0, y: 0, z: 0}
--- !u!114 &6321254191084971866
MonoBehaviour:
  m_ObjectHideFlags: 0
  m_CorrespondingSourceObject: {fileID: 0}
  m_PrefabInstance: {fileID: 0}
  m_PrefabAsset: {fileID: 0}
  m_GameObject: {fileID: 4914872647158332228}
  m_Enabled: 1
  m_EditorHideFlags: 0
  m_Script: {fileID: 11500000, guid: 28d8fa5606d0f1547a36d4daf1dc56e3, type: 3}
  m_Name: 
  m_EditorClassIdentifier: 
  objects:
  - {fileID: 8850074869504423888, guid: 5e646b0ab9cd45e46bec228af00e622f, type: 3}
  - {fileID: 4376594524893310522, guid: 22d9ba8876259fd439004f1249c6a7cc, type: 3}
  - {fileID: 3169685328921602755, guid: a74b2eaaa963c1c4abf2fa6a91fb6fea, type: 3}
  - {fileID: 3946851056627708090, guid: ee6477d21eb87a14dbc1db8121523424, type: 3}
--- !u!1 &5093483000970152058
GameObject:
  m_ObjectHideFlags: 0
  m_CorrespondingSourceObject: {fileID: 0}
  m_PrefabInstance: {fileID: 0}
  m_PrefabAsset: {fileID: 0}
  serializedVersion: 6
  m_Component:
  - component: {fileID: 9203075942199316436}
  - component: {fileID: 887735968927650817}
  m_Layer: 8
  m_Name: GameObject (14)
  m_TagString: Untagged
  m_Icon: {fileID: 1206586993520771344, guid: 0000000000000000d000000000000000, type: 0}
  m_NavMeshLayer: 0
  m_StaticEditorFlags: 0
  m_IsActive: 1
--- !u!4 &9203075942199316436
Transform:
  m_ObjectHideFlags: 0
  m_CorrespondingSourceObject: {fileID: 0}
  m_PrefabInstance: {fileID: 0}
  m_PrefabAsset: {fileID: 0}
  m_GameObject: {fileID: 5093483000970152058}
  m_LocalRotation: {x: 0, y: 0, z: 0, w: 1}
  m_LocalPosition: {x: 6.96, y: 3.8, z: 0}
  m_LocalScale: {x: 1, y: 1, z: 1}
  m_Children: []
  m_Father: {fileID: 8050387912065881947}
  m_RootOrder: 14
  m_LocalEulerAnglesHint: {x: 0, y: 0, z: 0}
--- !u!114 &887735968927650817
MonoBehaviour:
  m_ObjectHideFlags: 0
  m_CorrespondingSourceObject: {fileID: 0}
  m_PrefabInstance: {fileID: 0}
  m_PrefabAsset: {fileID: 0}
  m_GameObject: {fileID: 5093483000970152058}
  m_Enabled: 1
  m_EditorHideFlags: 0
  m_Script: {fileID: 11500000, guid: 28d8fa5606d0f1547a36d4daf1dc56e3, type: 3}
  m_Name: 
  m_EditorClassIdentifier: 
  objects:
  - {fileID: 8850074869504423888, guid: 5e646b0ab9cd45e46bec228af00e622f, type: 3}
  - {fileID: 4376594524893310522, guid: 22d9ba8876259fd439004f1249c6a7cc, type: 3}
  - {fileID: 3169685328921602755, guid: a74b2eaaa963c1c4abf2fa6a91fb6fea, type: 3}
  - {fileID: 3946851056627708090, guid: ee6477d21eb87a14dbc1db8121523424, type: 3}
--- !u!1 &5373946758054853619
GameObject:
  m_ObjectHideFlags: 0
  m_CorrespondingSourceObject: {fileID: 0}
  m_PrefabInstance: {fileID: 0}
  m_PrefabAsset: {fileID: 0}
  serializedVersion: 6
  m_Component:
  - component: {fileID: 2419154528689810709}
  - component: {fileID: 7632459721255594048}
  m_Layer: 8
  m_Name: GameObject (15)
  m_TagString: Untagged
  m_Icon: {fileID: 1206586993520771344, guid: 0000000000000000d000000000000000, type: 0}
  m_NavMeshLayer: 0
  m_StaticEditorFlags: 0
  m_IsActive: 1
--- !u!4 &2419154528689810709
Transform:
  m_ObjectHideFlags: 0
  m_CorrespondingSourceObject: {fileID: 0}
  m_PrefabInstance: {fileID: 0}
  m_PrefabAsset: {fileID: 0}
  m_GameObject: {fileID: 5373946758054853619}
  m_LocalRotation: {x: 0, y: 0, z: 0, w: 1}
  m_LocalPosition: {x: 0, y: 5.27, z: 0}
  m_LocalScale: {x: 1, y: 1, z: 1}
  m_Children: []
  m_Father: {fileID: 8050387912065881947}
  m_RootOrder: 15
  m_LocalEulerAnglesHint: {x: 0, y: 0, z: 0}
--- !u!114 &7632459721255594048
MonoBehaviour:
  m_ObjectHideFlags: 0
  m_CorrespondingSourceObject: {fileID: 0}
  m_PrefabInstance: {fileID: 0}
  m_PrefabAsset: {fileID: 0}
  m_GameObject: {fileID: 5373946758054853619}
  m_Enabled: 1
  m_EditorHideFlags: 0
  m_Script: {fileID: 11500000, guid: 28d8fa5606d0f1547a36d4daf1dc56e3, type: 3}
  m_Name: 
  m_EditorClassIdentifier: 
  objects:
  - {fileID: 8850074869504423888, guid: 5e646b0ab9cd45e46bec228af00e622f, type: 3}
  - {fileID: 4376594524893310522, guid: 22d9ba8876259fd439004f1249c6a7cc, type: 3}
  - {fileID: 3169685328921602755, guid: a74b2eaaa963c1c4abf2fa6a91fb6fea, type: 3}
  - {fileID: 3946851056627708090, guid: ee6477d21eb87a14dbc1db8121523424, type: 3}
--- !u!1 &5665416727110211373
GameObject:
  m_ObjectHideFlags: 0
  m_CorrespondingSourceObject: {fileID: 0}
  m_PrefabInstance: {fileID: 0}
  m_PrefabAsset: {fileID: 0}
  serializedVersion: 6
  m_Component:
  - component: {fileID: 9073490139713784943}
  - component: {fileID: 6401989082881824687}
  m_Layer: 8
  m_Name: GameObject (8)
  m_TagString: Untagged
  m_Icon: {fileID: 1206586993520771344, guid: 0000000000000000d000000000000000, type: 0}
  m_NavMeshLayer: 0
  m_StaticEditorFlags: 0
  m_IsActive: 1
--- !u!4 &9073490139713784943
Transform:
  m_ObjectHideFlags: 0
  m_CorrespondingSourceObject: {fileID: 0}
  m_PrefabInstance: {fileID: 0}
  m_PrefabAsset: {fileID: 0}
  m_GameObject: {fileID: 5665416727110211373}
  m_LocalRotation: {x: 0, y: 0, z: 0, w: 1}
  m_LocalPosition: {x: -9.9, y: 4.8, z: 0}
  m_LocalScale: {x: 1, y: 1, z: 1}
  m_Children: []
  m_Father: {fileID: 8050387912065881947}
  m_RootOrder: 8
  m_LocalEulerAnglesHint: {x: 0, y: 0, z: 0}
--- !u!114 &6401989082881824687
MonoBehaviour:
  m_ObjectHideFlags: 0
  m_CorrespondingSourceObject: {fileID: 0}
  m_PrefabInstance: {fileID: 0}
  m_PrefabAsset: {fileID: 0}
  m_GameObject: {fileID: 5665416727110211373}
  m_Enabled: 1
  m_EditorHideFlags: 0
  m_Script: {fileID: 11500000, guid: 28d8fa5606d0f1547a36d4daf1dc56e3, type: 3}
  m_Name: 
  m_EditorClassIdentifier: 
  objects:
  - {fileID: 8850074869504423888, guid: 5e646b0ab9cd45e46bec228af00e622f, type: 3}
  - {fileID: 4376594524893310522, guid: 22d9ba8876259fd439004f1249c6a7cc, type: 3}
  - {fileID: 3169685328921602755, guid: a74b2eaaa963c1c4abf2fa6a91fb6fea, type: 3}
  - {fileID: 3946851056627708090, guid: ee6477d21eb87a14dbc1db8121523424, type: 3}
--- !u!1 &6194324766899056556
GameObject:
  m_ObjectHideFlags: 0
  m_CorrespondingSourceObject: {fileID: 0}
  m_PrefabInstance: {fileID: 0}
  m_PrefabAsset: {fileID: 0}
  serializedVersion: 6
  m_Component:
  - component: {fileID: 6151045779690439506}
  - component: {fileID: 7477981951447360237}
  m_Layer: 8
  m_Name: GameObject (7)
  m_TagString: Untagged
  m_Icon: {fileID: 1206586993520771344, guid: 0000000000000000d000000000000000, type: 0}
  m_NavMeshLayer: 0
  m_StaticEditorFlags: 0
  m_IsActive: 1
--- !u!4 &6151045779690439506
Transform:
  m_ObjectHideFlags: 0
  m_CorrespondingSourceObject: {fileID: 0}
  m_PrefabInstance: {fileID: 0}
  m_PrefabAsset: {fileID: 0}
  m_GameObject: {fileID: 6194324766899056556}
  m_LocalRotation: {x: 0, y: 0, z: 0, w: 1}
  m_LocalPosition: {x: -4.02, y: -3.76, z: 0}
  m_LocalScale: {x: 1, y: 1, z: 1}
  m_Children: []
  m_Father: {fileID: 8050387912065881947}
  m_RootOrder: 7
  m_LocalEulerAnglesHint: {x: 0, y: 0, z: 0}
--- !u!114 &7477981951447360237
MonoBehaviour:
  m_ObjectHideFlags: 0
  m_CorrespondingSourceObject: {fileID: 0}
  m_PrefabInstance: {fileID: 0}
  m_PrefabAsset: {fileID: 0}
  m_GameObject: {fileID: 6194324766899056556}
  m_Enabled: 1
  m_EditorHideFlags: 0
  m_Script: {fileID: 11500000, guid: 28d8fa5606d0f1547a36d4daf1dc56e3, type: 3}
  m_Name: 
  m_EditorClassIdentifier: 
  objects:
  - {fileID: 8850074869504423888, guid: 5e646b0ab9cd45e46bec228af00e622f, type: 3}
  - {fileID: 4376594524893310522, guid: 22d9ba8876259fd439004f1249c6a7cc, type: 3}
  - {fileID: 3169685328921602755, guid: a74b2eaaa963c1c4abf2fa6a91fb6fea, type: 3}
  - {fileID: 3946851056627708090, guid: ee6477d21eb87a14dbc1db8121523424, type: 3}
--- !u!1 &6331498260565597781
GameObject:
  m_ObjectHideFlags: 0
  m_CorrespondingSourceObject: {fileID: 0}
  m_PrefabInstance: {fileID: 0}
  m_PrefabAsset: {fileID: 0}
  serializedVersion: 6
  m_Component:
  - component: {fileID: 6673086661455975159}
  - component: {fileID: 3207167115271958540}
  m_Layer: 8
  m_Name: GameObject (18)
  m_TagString: Untagged
  m_Icon: {fileID: 1206586993520771344, guid: 0000000000000000d000000000000000, type: 0}
  m_NavMeshLayer: 0
  m_StaticEditorFlags: 0
  m_IsActive: 1
--- !u!4 &6673086661455975159
Transform:
  m_ObjectHideFlags: 0
  m_CorrespondingSourceObject: {fileID: 0}
  m_PrefabInstance: {fileID: 0}
  m_PrefabAsset: {fileID: 0}
  m_GameObject: {fileID: 6331498260565597781}
  m_LocalRotation: {x: 0, y: 0, z: 0, w: 1}
  m_LocalPosition: {x: -6.57, y: -2.16, z: 0}
  m_LocalScale: {x: 1, y: 1, z: 1}
  m_Children: []
  m_Father: {fileID: 8050387912065881947}
  m_RootOrder: 18
  m_LocalEulerAnglesHint: {x: 0, y: 0, z: 0}
--- !u!114 &3207167115271958540
MonoBehaviour:
  m_ObjectHideFlags: 0
  m_CorrespondingSourceObject: {fileID: 0}
  m_PrefabInstance: {fileID: 0}
  m_PrefabAsset: {fileID: 0}
  m_GameObject: {fileID: 6331498260565597781}
  m_Enabled: 1
  m_EditorHideFlags: 0
  m_Script: {fileID: 11500000, guid: 28d8fa5606d0f1547a36d4daf1dc56e3, type: 3}
  m_Name: 
  m_EditorClassIdentifier: 
  objects:
  - {fileID: 8850074869504423888, guid: 5e646b0ab9cd45e46bec228af00e622f, type: 3}
  - {fileID: 4376594524893310522, guid: 22d9ba8876259fd439004f1249c6a7cc, type: 3}
  - {fileID: 3169685328921602755, guid: a74b2eaaa963c1c4abf2fa6a91fb6fea, type: 3}
  - {fileID: 3946851056627708090, guid: ee6477d21eb87a14dbc1db8121523424, type: 3}
--- !u!1 &6932650444684300047
GameObject:
  m_ObjectHideFlags: 0
  m_CorrespondingSourceObject: {fileID: 0}
  m_PrefabInstance: {fileID: 0}
  m_PrefabAsset: {fileID: 0}
  serializedVersion: 6
  m_Component:
  - component: {fileID: 6682875100074164731}
  - component: {fileID: 5730762450194929693}
  m_Layer: 8
  m_Name: GameObject (13)
  m_TagString: Untagged
  m_Icon: {fileID: 1206586993520771344, guid: 0000000000000000d000000000000000, type: 0}
  m_NavMeshLayer: 0
  m_StaticEditorFlags: 0
  m_IsActive: 1
--- !u!4 &6682875100074164731
Transform:
  m_ObjectHideFlags: 0
  m_CorrespondingSourceObject: {fileID: 0}
  m_PrefabInstance: {fileID: 0}
  m_PrefabAsset: {fileID: 0}
  m_GameObject: {fileID: 6932650444684300047}
  m_LocalRotation: {x: 0, y: 0, z: 0, w: 1}
  m_LocalPosition: {x: -8.64, y: -5.06, z: 0}
  m_LocalScale: {x: 1, y: 1, z: 1}
  m_Children: []
  m_Father: {fileID: 8050387912065881947}
  m_RootOrder: 13
  m_LocalEulerAnglesHint: {x: 0, y: 0, z: 0}
--- !u!114 &5730762450194929693
MonoBehaviour:
  m_ObjectHideFlags: 0
  m_CorrespondingSourceObject: {fileID: 0}
  m_PrefabInstance: {fileID: 0}
  m_PrefabAsset: {fileID: 0}
  m_GameObject: {fileID: 6932650444684300047}
  m_Enabled: 1
  m_EditorHideFlags: 0
  m_Script: {fileID: 11500000, guid: 28d8fa5606d0f1547a36d4daf1dc56e3, type: 3}
  m_Name: 
  m_EditorClassIdentifier: 
  objects:
  - {fileID: 8850074869504423888, guid: 5e646b0ab9cd45e46bec228af00e622f, type: 3}
  - {fileID: 4376594524893310522, guid: 22d9ba8876259fd439004f1249c6a7cc, type: 3}
  - {fileID: 3169685328921602755, guid: a74b2eaaa963c1c4abf2fa6a91fb6fea, type: 3}
  - {fileID: 3946851056627708090, guid: ee6477d21eb87a14dbc1db8121523424, type: 3}
--- !u!1 &7492805296547874515
GameObject:
  m_ObjectHideFlags: 0
  m_CorrespondingSourceObject: {fileID: 0}
  m_PrefabInstance: {fileID: 0}
  m_PrefabAsset: {fileID: 0}
  serializedVersion: 6
  m_Component:
  - component: {fileID: 8050387912065881947}
  m_Layer: 8
  m_Name: Paths
  m_TagString: Untagged
  m_Icon: {fileID: 0}
  m_NavMeshLayer: 0
  m_StaticEditorFlags: 0
  m_IsActive: 1
--- !u!4 &8050387912065881947
Transform:
  m_ObjectHideFlags: 0
  m_CorrespondingSourceObject: {fileID: 0}
  m_PrefabInstance: {fileID: 0}
  m_PrefabAsset: {fileID: 0}
  m_GameObject: {fileID: 7492805296547874515}
  m_LocalRotation: {x: 0, y: 0, z: 0, w: 1}
  m_LocalPosition: {x: 0.443806, y: 0.23836586, z: -0.079256214}
  m_LocalScale: {x: 1, y: 1, z: 1}
  m_Children:
  - {fileID: 7499807083803773784}
  - {fileID: 403257106405157564}
  - {fileID: 5834718574321477279}
  - {fileID: 7916306831519448647}
  - {fileID: 2250109241965977792}
  - {fileID: 5853384766429413264}
  - {fileID: 4793462082223215013}
  - {fileID: 6151045779690439506}
  - {fileID: 9073490139713784943}
  - {fileID: 4029965355745021342}
  - {fileID: 245139023947138791}
  - {fileID: 3720072107535930246}
  - {fileID: 8373932469212375345}
  - {fileID: 6682875100074164731}
  - {fileID: 9203075942199316436}
  - {fileID: 2419154528689810709}
  - {fileID: 2596879553762425944}
  - {fileID: 8155162232287128821}
  - {fileID: 6673086661455975159}
  m_Father: {fileID: 0}
  m_RootOrder: 0
  m_LocalEulerAnglesHint: {x: 0, y: 0, z: 0}
--- !u!1 &8379602493714705344
GameObject:
  m_ObjectHideFlags: 0
  m_CorrespondingSourceObject: {fileID: 0}
  m_PrefabInstance: {fileID: 0}
  m_PrefabAsset: {fileID: 0}
  serializedVersion: 6
  m_Component:
  - component: {fileID: 4029965355745021342}
  - component: {fileID: 620430781072016890}
  m_Layer: 8
  m_Name: GameObject (9)
  m_TagString: Untagged
  m_Icon: {fileID: 1206586993520771344, guid: 0000000000000000d000000000000000, type: 0}
  m_NavMeshLayer: 0
  m_StaticEditorFlags: 0
  m_IsActive: 1
--- !u!4 &4029965355745021342
Transform:
  m_ObjectHideFlags: 0
  m_CorrespondingSourceObject: {fileID: 0}
  m_PrefabInstance: {fileID: 0}
  m_PrefabAsset: {fileID: 0}
  m_GameObject: {fileID: 8379602493714705344}
  m_LocalRotation: {x: 0, y: 0, z: 0, w: 1}
  m_LocalPosition: {x: -7, y: 2.63, z: 0}
  m_LocalScale: {x: 1, y: 1, z: 1}
  m_Children: []
  m_Father: {fileID: 8050387912065881947}
  m_RootOrder: 9
  m_LocalEulerAnglesHint: {x: 0, y: 0, z: 0}
--- !u!114 &620430781072016890
MonoBehaviour:
  m_ObjectHideFlags: 0
  m_CorrespondingSourceObject: {fileID: 0}
  m_PrefabInstance: {fileID: 0}
  m_PrefabAsset: {fileID: 0}
  m_GameObject: {fileID: 8379602493714705344}
  m_Enabled: 1
  m_EditorHideFlags: 0
  m_Script: {fileID: 11500000, guid: 28d8fa5606d0f1547a36d4daf1dc56e3, type: 3}
  m_Name: 
  m_EditorClassIdentifier: 
  objects:
  - {fileID: 8850074869504423888, guid: 5e646b0ab9cd45e46bec228af00e622f, type: 3}
  - {fileID: 4376594524893310522, guid: 22d9ba8876259fd439004f1249c6a7cc, type: 3}
  - {fileID: 3169685328921602755, guid: a74b2eaaa963c1c4abf2fa6a91fb6fea, type: 3}
  - {fileID: 3946851056627708090, guid: ee6477d21eb87a14dbc1db8121523424, type: 3}
--- !u!1 &8400394561487547979
GameObject:
  m_ObjectHideFlags: 0
  m_CorrespondingSourceObject: {fileID: 0}
  m_PrefabInstance: {fileID: 0}
  m_PrefabAsset: {fileID: 0}
  serializedVersion: 6
  m_Component:
  - component: {fileID: 2250109241965977792}
  - component: {fileID: 5505465054679813245}
  m_Layer: 8
  m_Name: GameObject (4)
  m_TagString: Untagged
  m_Icon: {fileID: 1206586993520771344, guid: 0000000000000000d000000000000000, type: 0}
  m_NavMeshLayer: 0
  m_StaticEditorFlags: 0
  m_IsActive: 1
--- !u!4 &2250109241965977792
Transform:
  m_ObjectHideFlags: 0
  m_CorrespondingSourceObject: {fileID: 0}
  m_PrefabInstance: {fileID: 0}
  m_PrefabAsset: {fileID: 0}
  m_GameObject: {fileID: 8400394561487547979}
  m_LocalRotation: {x: 0, y: 0, z: 0, w: 1}
  m_LocalPosition: {x: 5.1, y: -2.33, z: 0}
  m_LocalScale: {x: 1, y: 1, z: 1}
  m_Children: []
  m_Father: {fileID: 8050387912065881947}
  m_RootOrder: 4
  m_LocalEulerAnglesHint: {x: 0, y: 0, z: 0}
--- !u!114 &5505465054679813245
MonoBehaviour:
  m_ObjectHideFlags: 0
  m_CorrespondingSourceObject: {fileID: 0}
  m_PrefabInstance: {fileID: 0}
  m_PrefabAsset: {fileID: 0}
  m_GameObject: {fileID: 8400394561487547979}
  m_Enabled: 1
  m_EditorHideFlags: 0
  m_Script: {fileID: 11500000, guid: 28d8fa5606d0f1547a36d4daf1dc56e3, type: 3}
  m_Name: 
  m_EditorClassIdentifier: 
  objects:
  - {fileID: 8850074869504423888, guid: 5e646b0ab9cd45e46bec228af00e622f, type: 3}
  - {fileID: 4376594524893310522, guid: 22d9ba8876259fd439004f1249c6a7cc, type: 3}
  - {fileID: 3169685328921602755, guid: a74b2eaaa963c1c4abf2fa6a91fb6fea, type: 3}
  - {fileID: 3946851056627708090, guid: ee6477d21eb87a14dbc1db8121523424, type: 3}
--- !u!1 &8660271864271061824
GameObject:
  m_ObjectHideFlags: 0
  m_CorrespondingSourceObject: {fileID: 0}
  m_PrefabInstance: {fileID: 0}
  m_PrefabAsset: {fileID: 0}
  serializedVersion: 6
  m_Component:
  - component: {fileID: 8373932469212375345}
  - component: {fileID: 4257200405798157527}
  m_Layer: 8
  m_Name: GameObject (12)
  m_TagString: Untagged
  m_Icon: {fileID: 1206586993520771344, guid: 0000000000000000d000000000000000, type: 0}
  m_NavMeshLayer: 0
  m_StaticEditorFlags: 0
  m_IsActive: 1
--- !u!4 &8373932469212375345
Transform:
  m_ObjectHideFlags: 0
  m_CorrespondingSourceObject: {fileID: 0}
  m_PrefabInstance: {fileID: 0}
  m_PrefabAsset: {fileID: 0}
  m_GameObject: {fileID: 8660271864271061824}
  m_LocalRotation: {x: 0, y: 0, z: 0, w: 1}
  m_LocalPosition: {x: 0, y: -2.38, z: 0}
  m_LocalScale: {x: 1, y: 1, z: 1}
  m_Children: []
  m_Father: {fileID: 8050387912065881947}
  m_RootOrder: 12
  m_LocalEulerAnglesHint: {x: 0, y: 0, z: 0}
--- !u!114 &4257200405798157527
MonoBehaviour:
  m_ObjectHideFlags: 0
  m_CorrespondingSourceObject: {fileID: 0}
  m_PrefabInstance: {fileID: 0}
  m_PrefabAsset: {fileID: 0}
  m_GameObject: {fileID: 8660271864271061824}
  m_Enabled: 1
  m_EditorHideFlags: 0
  m_Script: {fileID: 11500000, guid: 28d8fa5606d0f1547a36d4daf1dc56e3, type: 3}
  m_Name: 
  m_EditorClassIdentifier: 
  objects:
  - {fileID: 8850074869504423888, guid: 5e646b0ab9cd45e46bec228af00e622f, type: 3}
  - {fileID: 4376594524893310522, guid: 22d9ba8876259fd439004f1249c6a7cc, type: 3}
  - {fileID: 3169685328921602755, guid: a74b2eaaa963c1c4abf2fa6a91fb6fea, type: 3}
  - {fileID: 3946851056627708090, guid: ee6477d21eb87a14dbc1db8121523424, type: 3}
--- !u!1 &8825292865973339258
GameObject:
  m_ObjectHideFlags: 0
  m_CorrespondingSourceObject: {fileID: 0}
  m_PrefabInstance: {fileID: 0}
  m_PrefabAsset: {fileID: 0}
  serializedVersion: 6
  m_Component:
  - component: {fileID: 4793462082223215013}
  - component: {fileID: 6349776636027432408}
  m_Layer: 8
  m_Name: GameObject (6)
  m_TagString: Untagged
  m_Icon: {fileID: 1206586993520771344, guid: 0000000000000000d000000000000000, type: 0}
  m_NavMeshLayer: 0
  m_StaticEditorFlags: 0
  m_IsActive: 1
--- !u!4 &4793462082223215013
Transform:
  m_ObjectHideFlags: 0
  m_CorrespondingSourceObject: {fileID: 0}
  m_PrefabInstance: {fileID: 0}
  m_PrefabAsset: {fileID: 0}
  m_GameObject: {fileID: 8825292865973339258}
  m_LocalRotation: {x: 0, y: 0, z: 0, w: 1}
  m_LocalPosition: {x: 7.56, y: -4.32, z: 0}
  m_LocalScale: {x: 1, y: 1, z: 1}
  m_Children: []
  m_Father: {fileID: 8050387912065881947}
  m_RootOrder: 6
  m_LocalEulerAnglesHint: {x: 0, y: 0, z: 0}
--- !u!114 &6349776636027432408
MonoBehaviour:
  m_ObjectHideFlags: 0
  m_CorrespondingSourceObject: {fileID: 0}
  m_PrefabInstance: {fileID: 0}
  m_PrefabAsset: {fileID: 0}
  m_GameObject: {fileID: 8825292865973339258}
  m_Enabled: 1
  m_EditorHideFlags: 0
  m_Script: {fileID: 11500000, guid: 28d8fa5606d0f1547a36d4daf1dc56e3, type: 3}
  m_Name: 
  m_EditorClassIdentifier: 
  objects:
  - {fileID: 8850074869504423888, guid: 5e646b0ab9cd45e46bec228af00e622f, type: 3}
  - {fileID: 4376594524893310522, guid: 22d9ba8876259fd439004f1249c6a7cc, type: 3}
  - {fileID: 3169685328921602755, guid: a74b2eaaa963c1c4abf2fa6a91fb6fea, type: 3}
  - {fileID: 3946851056627708090, guid: ee6477d21eb87a14dbc1db8121523424, type: 3}
