%YAML 1.1
%TAG !u! tag:unity3d.com,2011:
--- !u!1 &7088982722240220801
GameObject:
  m_ObjectHideFlags: 0
  m_CorrespondingSourceObject: {fileID: 0}
  m_PrefabInstance: {fileID: 0}
  m_PrefabAsset: {fileID: 0}
  serializedVersion: 6
  m_Component:
  - component: {fileID: 7088982722240220802}
  - component: {fileID: 7088982722240220803}
  - component: {fileID: 7088982722240220800}
  - component: {fileID: -4129740165629004965}
  - component: {fileID: 6774609329242698303}
  m_Layer: 10
  m_Name: Brick
  m_TagString: Brick
  m_Icon: {fileID: 0}
  m_NavMeshLayer: 0
  m_StaticEditorFlags: 0
  m_IsActive: 1
--- !u!4 &7088982722240220802
Transform:
  m_ObjectHideFlags: 0
  m_CorrespondingSourceObject: {fileID: 0}
  m_PrefabInstance: {fileID: 0}
  m_PrefabAsset: {fileID: 0}
  m_GameObject: {fileID: 7088982722240220801}
  m_LocalRotation: {x: 0, y: 0, z: 0.7071068, w: 0.7071068}
  m_LocalPosition: {x: -1.8006761, y: 1.6241117, z: 0}
  m_LocalScale: {x: 0.25, y: 0.25, z: 1}
  m_Children: []
  m_Father: {fileID: 0}
  m_RootOrder: 0
  m_LocalEulerAnglesHint: {x: 0, y: 0, z: 90}
--- !u!212 &7088982722240220803
SpriteRenderer:
  m_ObjectHideFlags: 0
  m_CorrespondingSourceObject: {fileID: 0}
  m_PrefabInstance: {fileID: 0}
  m_PrefabAsset: {fileID: 0}
  m_GameObject: {fileID: 7088982722240220801}
  m_Enabled: 1
  m_CastShadows: 0
  m_ReceiveShadows: 0
  m_DynamicOccludee: 1
  m_MotionVectors: 1
  m_LightProbeUsage: 1
  m_ReflectionProbeUsage: 1
  m_RenderingLayerMask: 1
  m_RendererPriority: 0
  m_Materials:
  - {fileID: 10754, guid: 0000000000000000f000000000000000, type: 0}
  m_StaticBatchInfo:
    firstSubMesh: 0
    subMeshCount: 0
  m_StaticBatchRoot: {fileID: 0}
  m_ProbeAnchor: {fileID: 0}
  m_LightProbeVolumeOverride: {fileID: 0}
  m_ScaleInLightmap: 1
  m_ReceiveGI: 1
  m_PreserveUVs: 0
  m_IgnoreNormalsForChartDetection: 0
  m_ImportantGI: 0
  m_StitchLightmapSeams: 1
  m_SelectedEditorRenderState: 0
  m_MinimumChartSize: 4
  m_AutoUVMaxDistance: 0.5
  m_AutoUVMaxAngle: 89
  m_LightmapParameters: {fileID: 0}
  m_SortingLayerID: 0
  m_SortingLayer: 0
  m_SortingOrder: 0
  m_Sprite: {fileID: 21300000, guid: e96ff88160754124eb30687a9afcce21, type: 3}
  m_Color: {r: 1, g: 0.9858491, b: 0.9858491, a: 1}
  m_FlipX: 0
  m_FlipY: 0
  m_DrawMode: 0
  m_Size: {x: 5.56, y: 2.1}
  m_AdaptiveModeThreshold: 0.5
  m_SpriteTileMode: 0
  m_WasSpriteAssigned: 1
  m_MaskInteraction: 0
  m_SpriteSortPoint: 0
--- !u!61 &7088982722240220800
BoxCollider2D:
  m_ObjectHideFlags: 0
  m_CorrespondingSourceObject: {fileID: 0}
  m_PrefabInstance: {fileID: 0}
  m_PrefabAsset: {fileID: 0}
  m_GameObject: {fileID: 7088982722240220801}
  m_Enabled: 0
  m_Density: 1
  m_Material: {fileID: 0}
  m_IsTrigger: 0
  m_UsedByEffector: 0
  m_UsedByComposite: 0
  m_Offset: {x: -0.16704726, y: 0.07135749}
  m_SpriteTilingProperty:
    border: {x: 0, y: 0, z: 0, w: 0}
    pivot: {x: 0.5, y: 0.5}
    oldSize: {x: 5.56, y: 2.1}
    newSize: {x: 5.56, y: 2.1}
    adaptiveTilingThreshold: 0.5
    drawMode: 0
    adaptiveTiling: 0
  m_AutoTiling: 0
  serializedVersion: 2
  m_Size: {x: 5.2259054, y: 1.6231906}
  m_EdgeRadius: 0
--- !u!114 &-4129740165629004965
MonoBehaviour:
  m_ObjectHideFlags: 0
  m_CorrespondingSourceObject: {fileID: 0}
  m_PrefabInstance: {fileID: 0}
  m_PrefabAsset: {fileID: 0}
  m_GameObject: {fileID: 7088982722240220801}
  m_Enabled: 1
  m_EditorHideFlags: 0
  m_Script: {fileID: 11500000, guid: fed63debc9aa50e42ae1c24180588b78, type: 3}
  m_Name: 
  m_EditorClassIdentifier: 
  locked: {fileID: 21300000, guid: 4eea4993fbd7cad41b8489381ff6b207, type: 3}
  unlocked: {fileID: 21300000, guid: e96ff88160754124eb30687a9afcce21, type: 3}
  num: 0
  explosion: {fileID: 5139867104170224712, guid: 0b83098c935bebb49b2e069e5d9aa703,
    type: 3}
  explosion2: {fileID: 5139867104170224712, guid: 6c26d55465fb42047aab59ba47140b0f,
    type: 3}
  pwrUp: {fileID: 4287825757005458221, guid: d9c13962b1189064bb75f8e40d9d1a5d, type: 3}
--- !u!60 &6774609329242698303
PolygonCollider2D:
  m_ObjectHideFlags: 0
  m_CorrespondingSourceObject: {fileID: 0}
  m_PrefabInstance: {fileID: 0}
  m_PrefabAsset: {fileID: 0}
  m_GameObject: {fileID: 7088982722240220801}
  m_Enabled: 1
  m_Density: 1
  m_Material: {fileID: 0}
  m_IsTrigger: 0
  m_UsedByEffector: 0
  m_UsedByComposite: 0
  m_Offset: {x: 0, y: 0}
  m_SpriteTilingProperty:
    border: {x: 0, y: 0, z: 0, w: 0}
    pivot: {x: 0.5, y: 0.5}
    oldSize: {x: 5.56, y: 2.1}
    newSize: {x: 5.56, y: 2.1}
    adaptiveTilingThreshold: 0.5
    drawMode: 0
    adaptiveTiling: 0
  m_AutoTiling: 0
  m_Points:
    m_Paths:
    - - {x: 2.57, y: -0.32}
      - {x: 2.57, y: 0.48}
      - {x: 2.53, y: 0.64}
      - {x: 2.46, y: 0.78}
      - {x: 2.21, y: 0.96999997}
      - {x: 2.11, y: 0.98999995}
      - {x: 2.04, y: 1}
      - {x: -2.1399999, y: 1}
      - {x: -2.3, y: 0.96999997}
      - {x: -2.47, y: 0.88}
      - {x: -2.62, y: 0.68}
      - {x: -2.6799998, y: 0.53999996}
      - {x: -2.69, y: 0.47}
      - {x: -2.69, y: -0.22999999}
      - {x: -2.6699998, y: -0.39}
      - {x: -2.6, y: -0.53}
      - {x: -2.3831813, y: -0.70000005}
      - {x: -2.24, y: -0.79999995}
      - {x: 2.04, y: -0.79999995}
      - {x: 2.1399999, y: -0.78999996}
      - {x: 2.33, y: -0.7}
      - {x: 2.48, y: -0.56}
